
@misc{g4hepem,
  author={Novak, Mihaly and Hahnfeld, Jonas and Morgan, Ben},
  title={{mnovak42/g4hepem: The G4HepEm R\&D Project}},
  year={2022},
  note = {accessed on 7 September 2023,
          \url{https://github.com/mnovak42/g4hepem}
          \url{https://g4hepem.readthedocs.io/en/latest/}
          },
}


@article{agostinelli2003geant4,
  title={GEANT4â€”a simulation toolkit},
  author={Agostinelli, Sea and Allison, John and Amako, K al and Apostolakis, John and Araujo, H and Arce, Pedro and Asai, Makoto and Axen, D and Banerjee, Swagato and Barrand, GJNI and others},
  journal={Nuclear instruments and methods in physics research section A: Accelerators, Spectrometers, Detectors and Associated Equipment},
  volume={506},
  number={3},
  pages={250--303},
  year={2003},
  publisher={Elsevier}
}

@article{allison2006geant4,
  title={Geant4 developments and applications},
  author={Allison, John and Amako, Katsuya and Apostolakis, JEA and Araujo, HAAH and Dubois, P Arce and Asai, MAAM and Barrand, GABG and Capra, RACR and Chauvie, SACS and Chytracek, RACR and others},
  journal={IEEE Transactions on nuclear science},
  volume={53},
  number={1},
  pages={270--278},
  year={2006},
  publisher={IEEE}
}

@article{allison2016recent,
  title={Recent developments in Geant4},
  author={Allison, John and Amako, Katsuya and Apostolakis, John and Arce, Pedro and Asai, Makoto and Aso, Tsukasa and Bagli, Enrico and Bagulya, A and Banerjee, S and Barrand, GJNI and others},
  journal={Nuclear instruments and methods in physics research section A: Accelerators, Spectrometers, Detectors and Associated Equipment},
  volume={835},
  pages={186--225},
  year={2016},
  publisher={Elsevier}
}
